@Book{Sipser2006,
  author    = {Michael Sipser},
  editor    = {Mac Mendelsohn},
  publisher = {Thomson Course Technology},
  title     = {Introduction to the theory of computation, second edition},
  year      = {2006},
}

@Article{Ilie2004,
  author  = {Ilie, Lucian and Navarro, Gonzalo and Yu, Sheng},
  journal = {Theory Is Forever},
  title   = {On {NFA} {R}eduction},
  year    = {2004},
}

@Article{Denis2001,
  author  = {Franc¸ois Denis and Aur´elien Lemay and Terlutte Alain},
  journal = {STACS},
  title   = {Residual {F}inite {S}tate {A}utomata},
  year    = {2001},
}

@Book{Maheshwari2019,
  author    = {Maheshwari, Anil and Smid, Michiel},
  publisher = {Carleton University},
  title     = {{I}ntroduction to {T}heory of {C}omputation},
  year      = {2019},
}

@Comment{jabref-meta: databaseType:bibtex;}
