@Book{Sipser2006,
  author    = {Michael Sipser},
  editor    = {Mac Mendelsohn},
  publisher = {Thomson Course Technology},
  address   = {Boston, Massachusetts},
  title     = {Introduction to the theory of computation, second edition},
  year      = {2006},
  edition   = {2},
  pages     = {1--77},
  howpublished = {online},
  cited        = {7.4.2023},
  url          = {https://fuuu.be/polytech/INFOF408/Introduction-To-The-Theory-Of-Computation-Michael-Sipser.pdf}
}

@Book{Maheshwari2019,
  author    = {Maheshwari, Anil and Smid, Michiel},
  publisher = {Carleton University},
  title     = {Introduction to {T}heory of {C}omputation},
  year      = {2019},
  edition   = {1},
  pages     = {21--80},
  howpublished = {online},
  cited        = {7.4.2023},
  url          = {https://cglab.ca/~michiel/TheoryOfComputation/TheoryOfComputation.pdf}
}

@Book{Keef2023,
  author    = {Patrick Keef and David Guichard},
  publisher = {Whitman College},
  address   = {San Francisco, California},
  title     = {An Introduction to Higher Mathematics},
  year      = {2023},
  pages     = {9--30},
  howpublished = {online},
  cited        = {17.4.2023},
  url          = {https://www.whitman.edu/mathematics/higher_math/higher_math.pdf}
}

@Inbook{Ilie2004,
    author    = {Lucian Ilie and Gonzalo Navarro and Sheng Yu},
    editor    = {Juhani Karhum{\"{a}}ki and Hermann A. Maurer               and Gheorghe Paun and Grzegorz Rozenberg},
    title     = {On {NFA} Reductions},
    booktitle = {Theory Is Forever, Essays Dedicated to Arto Salomaa on the Occasion of His 70th Birthday},
    series    = {Lecture Notes in Computer Science},
    volume    = {3113},
    pages     = {112--124},
    publisher = {Springer},
    year      = {2004},
    address   = {Berlin, Heidelberg},
    ISBN      = {978-3-540-27812-2},
    url       = {https://doi.org/10.1007/978-3-540-27812-2\_11},
    timestamp = {Thu, 19 Mar 2020 15:28:05 +0100},
    biburl    = {https://dblp.org/rec/conf/birthday/IlieNY04.bib},
    bibsource = {dblp computer science bibliography, https://dblp.org}
}


@InProceedings{Denis2001,
    author    = {Fran{\c{c}}ois Denis and
                  Aur{\'{e}}lien Lemay and
                  Alain Terlutte},
    editor    = {Afonso Ferreira and
               Horst Reichel},
    title     = {Residual Finite State Automata},
    booktitle = {STACS 2001, 18th Annual Symposium on                     Theoretical Aspects of Computer
               Science, Dresden, Germany, February 15-17, 2001, Proceedings},
    series    = {Lecture Notes in Computer Science},
    volume    = {2010},
    pages     = {144--157},
    publisher = {Springer},
    year      = {2001},
    address   = {Berlin, Heidelberg},
    ISBN      = {978-3-540-44693-4},
    url       = {https://doi.org/10.1007/3-540-44693-1\_13},
    timestamp = {Tue, 14 May 2019 10:00:48 +0200},
    biburl    = {https://dblp.org/rec/conf/stacs/DenisLT01.bib},
    bibsource = {dblp computer science bibliography, https://dblp.org}
}


@Article{Gracia,
  author        = {García, Pedro and López, Damián and Vázquez de Parga, Manuel},
  publisher       = {Universidad Politécnica de Valencia},
  title         = {D{FA} minimization: from {B}rzozowski to {H}opcroft},
  year          = {2013},
  howpublished  = {online},
  cited         = {7.4.2023},
  url           = {https://riunet.upv.es/bitstream/handle/10251/27623/partial%20rev%20determ.pdf?sequence=1}
}

@Article{Hopcroft1971,
  title         = {An n log n algorithm for minimizing states in a finite automaton},
  author        = {John E. Hopcroft},
  year          = {1971},
  publisher     = {Stanford University},
  howpublished  = {online},
  cited         = {7.4.2023},
  url           = {http://i.stanford.edu/pub/cstr/reports/cs/tr/71/190/CS-TR-71-190.pdf}
}

@inproceedings{Bonchi2012,
  author    = {Filippo Bonchi and
               Marcello M. Bonsangue and
               Jan J. M. M. Rutten and
               Alexandra Silva},
  editor    = {Robert L. Constable and
               Alexandra Silva},
  title     = {Brzozowski's Algorithm (Co)Algebraically},
  booktitle = {Logic and Program Semantics -- Essays Dedicated to Dexter Kozen on
               the Occasion of His 60th Birthday},
  series    = {Lecture Notes in Computer Science},
  volume    = {7230},
  pages     = {12--23},
  publisher = {Springer},
  address   = {Berlin, Heidelberg},
  ISBN      = {978-3-642-29485-3},
  year      = {2012},
  url       = {https://doi.org/10.1007/978-3-642-29485-3\_2},
  timestamp = {Thu, 14 Oct 2021 10:33:17 +0200},
  biburl    = {https://dblp.org/rec/conf/birthday/BonchiBRS12.bib},
  bibsource = {dblp computer science bibliography, https://dblp.org}
}

@Webpage{Standford2004,
    author          = {Amal Dar Aziz and
                        Joe Cackler and
                        Raylene Yung},
    secondarytitle  = {Basics of Automata Theory},
    title           = {Automata Theory},
    howpublished    = {online},
    cited           = {20.4.2023},
    publisher       = {Stanford University},
    year            = {2004},
    URL             = {https://cs.stanford.edu/people/eroberts/courses/soco/projects/2004-05/automata-theory/basics.html}
}

@inproceedings{Lin2016,
  author       = {Anthony W. Lin and
                  Philipp R{\"{u}}mmer},
  editor       = {Swarat Chaudhuri and
                  Azadeh Farzan},
  title        = {Liveness of Randomised Parameterised Systems under Arbitrary Schedulers},
  booktitle    = {Computer Aided Verification -- 28th International Conference, {CAV}
                  2016, Toronto, ON, Canada, July 17-23, 2016, Proceedings, Part {II}},
  series       = {Lecture Notes in Computer Science},
  volume       = {9780},
  pages        = {112--133},
  publisher    = {Springer},
  year         = {2016},
  url          = {https://doi.org/10.1007/978-3-319-41540-6\_7},
  doi          = {10.1007/978-3-319-41540-6\_7},
  timestamp    = {Tue, 14 May 2019 10:00:43 +0200},
  biburl       = {https://dblp.org/rec/conf/cav/LinR16.bib},
  bibsource    = {dblp computer science bibliography, https://dblp.org}
}

@Webpage{Kline2004,
    author          = {Robert Kline},
    secondarytitle  = {5. Nondeterministic Finite Automata},
    title           = {Courses I Have Taught},
    howpublished    = {online},
    publisher       = {West Chester University},
    year            = {2018},
    cited           = {3.5.2023},
    URL             = {https://www.cs.wcupa.edu/rkline/},
    path            = {Csc520: Foundations of Computer Science; Nondeterministic Finite Automata}
}

@Webpage{Blais2021,
    author          = {Eric Blais},
    secondarytitle  = {Rabin-Scott Theorem},
    title           = {CS 365: Models of Computation},
    howpublished    = {online},
    cited           = {28.4.2023},
    publisher       = {University of Waterloo},
    year            = {2021},
    URL             = {https://cs.uwaterloo.ca/~eblais/cs365/w21/},
    path            = {II. Finite Automata; Rabin-Scott Theorem}
}

@Webpage{Prince2020,
    author          = {Simon Prince},
    secondarytitle  = {Tutorial \#9: SAT Solvers I: Introduction and applications},
    howpublished    = {online},
    cited           = {28.4.2023},
    publisher       = {Borealis AI},
    year            = {2020},
    URL             = {https://www.borealisai.com/research-blogs/tutorial-9-sat-solvers-i-introduction-and-applications/}
}

@Webpage{Wolfram2002,
    author          = {Stephen Wolfram},
    secondarytitle  = {SOME HISTORICAL NOTES},
    howpublished    = {online},
    publisher       = {Wolfram Media},
    year            = {2002},
    cited           = {3.5.2023},
    URL             = {https://www.wolframscience.com/reference/notes/958a/}
}

@article{Paun2009,
  author    = {Andrei Paun and
               Mihaela Paun and
               Alfonso Rodr{\'{\i}}guez{-}Pat{\'{o}}n},
  title     = {On the Hopcroft's minimization technique for {DFA} and {DFCA}},
  journal   = {Theor. Comput. Sci.},
  volume    = {410},
  number    = {24-25},
  pages     = {2424--2430},
  year      = {2009},
  url       = {https://doi.org/10.1016/j.tcs.2009.02.034},
  doi       = {10.1016/j.tcs.2009.02.034},
  timestamp = {Wed, 17 Feb 2021 21:58:45 +0100},
  biburl    = {https://dblp.org/rec/journals/tcs/PaunPR09.bib},
  bibsource = {dblp computer science bibliography, https://dblp.org}
}

@misc{TIN,
   author           = {M. Češka and T. Vojnar and A. Smrčka and A. Rogalewicz},
   year             = {2020},
   title            = {Teoretická informatika},
   pages            = {33--36},
   howpublished     = {online},
   publisher        = {Brno University of Technology, Faculty                        of information technology},
   url              = {https://www.fit.vutbr.cz/study/courses/TIN/public/Texty/TIN-studijni-text.pdf}
}

@misc{SAV,
   author           = {Tomáš Vojnar and Jan Fiedor and Filip Konečný},
   year             = {2023},
   title            = {Static Analysis and Verification},
   pages            = {3--8},
   howpublished     = {online},
   publisher        = {Brno University of Technology, Faculty                        of information technology},
   url              = {https://www.fit.vutbr.cz/study/courses/SAV/public/Lectures/sav-lecture-10.pdf}
}

@article{Jiang93,
  author       = {Tao Jiang and
                  Bala Ravikumar},
  title        = {Minimal {NFA} Problems are Hard},
  journal      = {{SIAM} J. Comput.},
  volume       = {22},
  number       = {6},
  pages        = {1117--1141},
  year         = {1993},
  url          = {https://doi.org/10.1137/0222067},
  doi          = {10.1137/0222067},
  timestamp    = {Thu, 23 Jun 2022 20:04:41 +0200},
  biburl       = {https://dblp.org/rec/journals/siamcomp/JiangR93.bib},
  bibsource    = {dblp computer science bibliography, https://dblp.org}
}


@Article{Wright2005,
  author        = {David R. Wright},
  journal       = {CSC216  (Summer 2005)},
  title         = {Finite State Machines},
  year          = {2005},
  howpublished  = {online},
  cited         = {7.4.2023},
  url           = {https://web.archive.org/web/20140327131120/http://www4.ncsu.edu:80/~drwrigh3/docs/courses/csc216/fsm-notes.pdf}
}

@article{Masina2023,
  author       = {Gabriele Masina and
                  Giuseppe Spallitta and
                  Roberto Sebastiani},
  title        = {On {CNF} Conversion for {SAT} Enumeration},
  journal      = {CoRR},
  volume       = {abs/2303.14971},
  year         = {2023},
  url          = {https://doi.org/10.48550/arXiv.2303.14971},
  doi          = {10.48550/arXiv.2303.14971},
  eprinttype    = {arXiv},
  eprint       = {2303.14971},
  timestamp    = {Fri, 14 Apr 2023 17:38:15 +0200},
  biburl       = {https://dblp.org/rec/journals/corr/abs-2303-14971.bib},
  bibsource    = {dblp computer science bibliography, https://dblp.org}
}

@incollection{GaneshV20,
  author       = {Vijay Ganesh and
                  Moshe Y. Vardi},
  editor       = {Tim Roughgarden},
  title        = {On the Unreasonable Effectiveness of {SAT} Solvers},
  booktitle    = {Beyond the Worst-Case Analysis of Algorithms},
  pages        = {547--566},
  publisher    = {Cambridge University Press},
  year         = {2020},
  url          = {https://doi.org/10.1017/9781108637435.032},
  doi          = {10.1017/9781108637435.032},
  timestamp    = {Mon, 04 Jan 2021 16:42:06 +0100},
  biburl       = {https://dblp.org/rec/books/cu/20/GaneshV20.bib},
  bibsource    = {dblp computer science bibliography, https://dblp.org}
}

@article{Almeida2007,
    author = {Almeida, Marco and Moreira, Nelma and Reis, Rogério},
    year = {2007},
    month = {01},
    publisher       = {University of Porto},
    title = {On the performance of automata minimization algorithms},
    howpublished  = {online},
    cited         = {1.5.2023},
    url           = {https://www.researchgate.net/publication/250347624_On_the_performance_of_automata_minimization_algorithms}
}

@MastersThesis{Veen2017,
        author =      "Erin van der Veen",
        title =       "The Practical Performance of Automata Minimization Algorithms",
        school =      "Radboud University",
        year =        "2017",
        type =        "Bachelor's thesis",
        url =   {http://www.cs.ru.nl/bachelors-theses/2017/Erin_van_der_Veen___4431200___The_Practical_Performance_of_Automata_Minimization_Algorithms.pdf}
    }

@inproceedings{Abdulla2010,
  author       = {Parosh Aziz Abdulla and
                  Yu{-}Fang Chen and
                  Luk{\'{a}}s Hol{\'{\i}}k and
                  Richard Mayr and
                  Tom{\'{a}}s Vojnar},
  editor       = {Javier Esparza and
                  Rupak Majumdar},
  title        = {When Simulation Meets Antichains},
  booktitle    = {Tools and Algorithms for the Construction and Analysis of Systems,
                  16th International Conference, {TACAS} 2010, Held as Part of the Joint
                  European Conferences on Theory and Practice of Software, {ETAPS} 2010,
                  Paphos, Cyprus, March 20-28, 2010. Proceedings},
  series       = {Lecture Notes in Computer Science},
  volume       = {6015},
  pages        = {158--174},
  publisher    = {Springer},
  year         = {2010},
  url          = {https://doi.org/10.1007/978-3-642-12002-2\_14},
  doi          = {10.1007/978-3-642-12002-2\_14},
  timestamp    = {Mon, 03 Jan 2022 17:11:32 +0100},
  biburl       = {https://dblp.org/rec/conf/tacas/AbdullaCHMV10.bib},
  bibsource    = {dblp computer science bibliography, https://dblp.org}
}

@Webpage{VATA_lib,
    author          = {Ondrej Lengal and
                        Jiri Simacek and
                        Tomas Vojnar and others.},
    secondarytitle  = {The repository of the VATA library},
    howpublished    = {online},
    cited           = {7.5.2023},
    year            = {2022},
    URL             = {https://github.com/ondrik/libvata/}
}

@Webpage{VTF_files,
    author          = {Ondrej Lengal},
    secondarytitle  = {User documentation for the .vtf files},
    howpublished    = {online},
    cited           = {7.5.2023},
    year            = {2017},
    URL             = {https://github.com/ondrik/automata-benchmarks/blob/master/vtf/README.md}
}

@Webpage{MiniSat_page,
    author          = {Niklas Eén and Niklas Sörensson},
    secondarytitle  = {Webpage to MiniSat solver},
    title           = {The MiniSat Page},
    howpublished    = {online},
    cited           = {7.5.2023},
    URL             = {http://minisat.se/MiniSat.html}
}

@Webpage{Kissat_page,
    author          = {Armin Biere and others},
    secondarytitle  = {The repository of Kissat solver},
    howpublished    = {online},
    cited           = {7.5.2023},
    year            = {2022},
    URL             = {https://github.com/arminbiere/kissat}
}

@Webpage{CAQE_page,
    author          = {Leander Tentrup and Ondrej Lengal},
    secondarytitle  = {The repository of CAQE solver},
    howpublished    = {online},
    cited           = {7.5.2023},
    year            = {2022},
    URL             = {https://github.com/ltentrup/caqe}
}

@Webpage{DepQBF_page,
    author          = {Florian Lonsing},
    secondarytitle  = {Webpage to DepQBF solver},
    title           = {DepQBF -- A solver for quantified boolean formulae (QBF)},
    howpublished    = {online},
    cited           = {7.5.2023},
    year            = {2018},
    URL             = {https://lonsing.github.io/depqbf/}
}

@article{QUTE_page,
  author       = {Tom{\'{a}}s Peitl and
                  Friedrich Slivovsky and
                  Stefan Szeider},
  title        = {Dependency Learning for {QBF}},
  journal      = {J. Artif. Intell. Res.},
  volume       = {65},
  pages        = {180--208},
  year         = {2019},
  url          = {https://doi.org/10.1613/jair.1.11529},
  doi          = {10.1613/jair.1.11529},
  timestamp    = {Wed, 26 Jun 2019 12:55:10 +0200},
  biburl       = {https://dblp.org/rec/journals/jair/PeitlSS19.bib},
  bibsource    = {dblp computer science bibliography, https://dblp.org}
}

@Webpage{DIMACS_page,
    secondarytitle  = {Documentation for DIMACS file format},
    title           = {CNF Files},
    howpublished    = {online},
    cited           = {7.5.2023},
    year            = {2008},
    URL             = {https://people.sc.fsu.edu/~jburkardt/data/cnf/cnf.html}
}

@Webpage{QDIMACS_page,
    secondarytitle  = {Documentation for QDIMACS file format},
    title           = {QDIMACS standard},
    howpublished    = {online},
    cited           = {7.5.2023},
    year            = {2005},
    URL             = {http://www.qbflib.org/qdimacs.html}
}

@Webpage{armcNFA_page,
    author          = {Ondrej Lengal},
    secondarytitle  = {Repository with the automata provided for testing},
    howpublished    = {online},
    cited           = {7.5.2023},
    year            = {2017},
    URL             = {https://github.com/ondrik/automata-benchmarks/tree/master/nfa/armc}
}